
@misc{1,
  author = {Ali Alanjawi},
  title = {History of the PowerPC Architecture},
  howpublished = "\url{http://people.cs.pitt.edu/~alanjawi/history.html}",
  year = {2007},
  note = "[Online: Accessed 12/06/2015]"
}

@misc{2,
  author = {Mac Developer Library},
  title = {PowerPC Addressing Modes and Assembler Instructions},
  howpublished = "\url{https://developer.apple.com/library/mac/documentation/DeveloperTools/Reference/Assembler/050-PowerPC_Addressing_Modes_and_Assembler_Instructions/ppc_instructions.html}", 
  year = {2009},
  note = "[Online: Accessed 12/06/2015]"
}

@misc{3,
  author = {University of Regina},
  title = {ARM Addressing Modes},
  howpublished = "\url{ftp://www.cs.uregina.ca/pub/class/301/ARM-addressing/lecture.html}", 
  year = {2013},
  note = "[Online: Accessed 12/06/2015]"
}

@misc{4,
  author = {Apple Computer, Inc.},
  title = {Programmer's Introduction to PowerPC: Addressing Modes},
  howpublished = "\url{http://physinfo.ulb.ac.be/divers_html/powerpc_programming_info/intro_to_ppc/ppc3_software2.html}", 
  year = {1995},
  note = "[Online: Accessed 12/06/2015]"
}

@misc{5,
  author = {Apple Computer, Inc.},
  title = {Programmer's Introduction to PowerPC: Instruction Set Overview},
  howpublished = "\url{http://physinfo.ulb.ac.be/divers_html/powerpc_programming_info/intro_to_ppc/ppc3_software2.html}", 
  year = {1995},
  note = "[Online: Accessed 12/06/2015]"
}

@misc{6,
  author = {Rajbir Bhattacharjee},
  title = {PowerPC Assembly Tutorial on AIX: Chapter 4, Most frequently used registers},
  howpublished = "\url{http://aixroot.blogspot.com/2010/11/most-frequently-used-registers.html}", 
  year = {2010},
  note = "[Online: Accessed 12/06/2015]"
}

@misc{7,
  author = {Unknown},
  title = {PowerPC G4 - PowerPC 7450},
  howpublished = "\url{http://www.liquisearch.com/powerpc_g4/powerpc_7450}", 
  year = {2015},
  note = "[Online: Accessed 12/06/2015]"
}

@misc{8,
  author = {Ali Alanjawi},
  title = {Performance Evaluation of the PowerPC 620 Microarchitecture},
  howpublished = "\url{http://people.cs.pitt.edu/~alanjawi/p620.html}",
  year = {2007},
  note = "[Online: Accessed 12/06/2015]"
}

@misc{9,
  author = {ARM Limited.},
  title = {ARM1156T2-S™ Technical Reference Manual},
  howpublished = "\url{http://infocenter.arm.com/help/index.jsp?topic=/com.arm.doc.ddi0338g/I1002919.html}", 
  year = {2009},
  note = "[Online: Accessed 12/06/2015]"
}

@misc{10,
  author = {Freescale Semiconductor},
  title = {Freescale PowerPC™ Architecture Primer},
  howpublished = "\url{http://www.freescale.com/files/32bit/doc/white_paper/POWRPCARCPRMRM.pdf}", 
  year = {2005},
  note = "[Online: Accessed 12/06/2015]"
}

@misc{11,
  author = {Johan De Gelas},
  title = {No more mysteries: Apple's G5 versus x86, Mac OS X versus Linux},
  howpublished = "\url{http://www.anandtech.com/show/1702/2}", 
  year = {2005},
  note = "[Online: Accessed 12/06/2015]"
}

@misc{12,
  author = {Design and Reuse},
  title = {Architecture and Implementation of the ARM Cortex-A8 Microprocessor},
  howpublished = "\url{http://www.design-reuse.com/articles/11580/architecture-and-implementation-of-the-arm-cortex-a8-microprocessor.html}", 
  year = {2015},
  note = "[Online: Accessed 12/06/2015]"
}

@misc{13,
  author = {Top 500: The List},
  title = {November 2015},
  howpublished = "\url{http://www.top500.org/lists/2015/11}", 
  year = {2015},
  note = "[Online: Accessed 12/06/2015]"
}

@misc{14,
  author = {Peter Bright},
  title = {IBM’s new transactional memory: make-or-break time for multithreaded revolution},
  howpublished = "\url{http://arstechnica.com/gadgets/2011/08/ibms-new-transactional-memory-make-or-break-time-for-multithreaded-revolution/}", 
  year = {2011},
  note = "[Online: Accessed 12/06/2015]"
}
